%YAML 1.1
%TAG !u! tag:unity3d.com,2011:
--- !u!29 &1
OcclusionCullingSettings:
  m_ObjectHideFlags: 0
  serializedVersion: 2
  m_OcclusionBakeSettings:
    smallestOccluder: 5
    smallestHole: 0.25
    backfaceThreshold: 100
  m_SceneGUID: 00000000000000000000000000000000
  m_OcclusionCullingData: {fileID: 0}
--- !u!104 &2
RenderSettings:
  m_ObjectHideFlags: 0
  serializedVersion: 9
  m_Fog: 0
  m_FogColor: {r: 0.5, g: 0.5, b: 0.5, a: 1}
  m_FogMode: 3
  m_FogDensity: 0.01
  m_LinearFogStart: 0
  m_LinearFogEnd: 300
  m_AmbientSkyColor: {r: 0.212, g: 0.227, b: 0.259, a: 1}
  m_AmbientEquatorColor: {r: 0.114, g: 0.125, b: 0.133, a: 1}
  m_AmbientGroundColor: {r: 0.047, g: 0.043, b: 0.035, a: 1}
  m_AmbientIntensity: 1
  m_AmbientMode: 0
  m_SubtractiveShadowColor: {r: 0.42, g: 0.478, b: 0.627, a: 1}
  m_SkyboxMaterial: {fileID: 10304, guid: 0000000000000000f000000000000000, type: 0}
  m_HaloStrength: 0.5
  m_FlareStrength: 1
  m_FlareFadeSpeed: 3
  m_HaloTexture: {fileID: 0}
  m_SpotCookie: {fileID: 10001, guid: 0000000000000000e000000000000000, type: 0}
  m_DefaultReflectionMode: 0
  m_DefaultReflectionResolution: 128
  m_ReflectionBounces: 1
  m_ReflectionIntensity: 1
  m_CustomReflection: {fileID: 0}
  m_Sun: {fileID: 0}
  m_IndirectSpecularColor: {r: 0.44657874, g: 0.49641258, b: 0.5748172, a: 1}
  m_UseRadianceAmbientProbe: 0
--- !u!157 &3
LightmapSettings:
  m_ObjectHideFlags: 0
  serializedVersion: 11
  m_GIWorkflowMode: 0
  m_GISettings:
    serializedVersion: 2
    m_BounceScale: 1
    m_IndirectOutputScale: 1
    m_AlbedoBoost: 1
    m_TemporalCoherenceThreshold: 1
    m_EnvironmentLightingMode: 0
    m_EnableBakedLightmaps: 1
    m_EnableRealtimeLightmaps: 0
  m_LightmapEditorSettings:
    serializedVersion: 10
    m_Resolution: 2
    m_BakeResolution: 10
    m_AtlasSize: 512
    m_AO: 0
    m_AOMaxDistance: 1
    m_CompAOExponent: 1
    m_CompAOExponentDirect: 0
    m_Padding: 2
    m_LightmapParameters: {fileID: 0}
    m_LightmapsBakeMode: 1
    m_TextureCompression: 1
    m_FinalGather: 0
    m_FinalGatherFiltering: 1
    m_FinalGatherRayCount: 256
    m_ReflectionCompression: 2
    m_MixedBakeMode: 2
    m_BakeBackend: 1
    m_PVRSampling: 1
    m_PVRDirectSampleCount: 32
    m_PVRSampleCount: 256
    m_PVRBounces: 2
    m_PVRFilterTypeDirect: 0
    m_PVRFilterTypeIndirect: 0
    m_PVRFilterTypeAO: 0
    m_PVRFilteringMode: 1
    m_PVRCulling: 1
    m_PVRFilteringGaussRadiusDirect: 1
    m_PVRFilteringGaussRadiusIndirect: 5
    m_PVRFilteringGaussRadiusAO: 2
    m_PVRFilteringAtrousPositionSigmaDirect: 0.5
    m_PVRFilteringAtrousPositionSigmaIndirect: 2
    m_PVRFilteringAtrousPositionSigmaAO: 1
    m_ShowResolutionOverlay: 1
  m_LightingDataAsset: {fileID: 0}
  m_UseShadowmask: 1
--- !u!196 &4
NavMeshSettings:
  serializedVersion: 2
  m_ObjectHideFlags: 0
  m_BuildSettings:
    serializedVersion: 2
    agentTypeID: 0
    agentRadius: 0.5
    agentHeight: 2
    agentSlope: 45
    agentClimb: 0.4
    ledgeDropHeight: 0
    maxJumpAcrossDistance: 0
    minRegionArea: 2
    manualCellSize: 0
    cellSize: 0.16666667
    manualTileSize: 0
    tileSize: 256
    accuratePlacement: 0
    debug:
      m_Flags: 0
  m_NavMeshData: {fileID: 0}
--- !u!1 &53941686 stripped
GameObject:
  m_CorrespondingSourceObject: {fileID: 100006, guid: c6453f8e1f814744d8b94e5a6d1f9942,
    type: 2}
  m_PrefabInternal: {fileID: 549940846}
--- !u!114 &53941687
MonoBehaviour:
  m_ObjectHideFlags: 0
  m_CorrespondingSourceObject: {fileID: 0}
  m_PrefabInternal: {fileID: 0}
  m_GameObject: {fileID: 53941686}
  m_Enabled: 1
  m_EditorHideFlags: 0
  m_Script: {fileID: 11500000, guid: 81c9795a96c094f4cbde4d65546aa9b2, type: 3}
  m_Name: 
  m_EditorClassIdentifier: 
  cam: {fileID: 1934164440}
  movementSettings:
    ForwardSpeed: 8
    BackwardSpeed: 4
    StrafeSpeed: 4
    RunMultiplier: 2
    RunKey: 304
    JumpForce: 30
    SlopeCurveModifier:
      serializedVersion: 2
      m_Curve:
      - serializedVersion: 3
        time: -90
        value: 1
        inSlope: 0
        outSlope: 0
        tangentMode: 0
        weightedMode: 0
        inWeight: 0
        outWeight: 0
      - serializedVersion: 3
        time: 0
        value: 1
        inSlope: 0
        outSlope: 0
        tangentMode: 0
        weightedMode: 0
        inWeight: 0
        outWeight: 0
      - serializedVersion: 3
        time: 90
        value: 0
        inSlope: 0
        outSlope: 0
        tangentMode: 0
        weightedMode: 0
        inWeight: 0
        outWeight: 0
      m_PreInfinity: 2
      m_PostInfinity: 2
      m_RotationOrder: 4
    CurrentTargetSpeed: 8
  mouseLook:
    XSensitivity: 2
    YSensitivity: 2
    clampVerticalRotation: 1
    MinimumX: -90
    MaximumX: 90
    smooth: 0
    smoothTime: 5
    lockCursor: 1
  advancedSettings:
    groundCheckDistance: 0.01
    stickToGroundHelperDistance: 0.5
    slowDownRate: 20
    airControl: 0
    shellOffset: 0
--- !u!1 &84222109 stripped
GameObject:
  m_CorrespondingSourceObject: {fileID: 100014, guid: db91bf7fe34a11c4cb752744dc3f003d,
    type: 3}
  m_PrefabInternal: {fileID: 424446111}
--- !u!65 &84222113
BoxCollider:
  m_ObjectHideFlags: 0
  m_CorrespondingSourceObject: {fileID: 0}
  m_PrefabInternal: {fileID: 0}
  m_GameObject: {fileID: 84222109}
  m_Material: {fileID: 0}
  m_IsTrigger: 0
  m_Enabled: 1
  serializedVersion: 2
  m_Size: {x: 1.7286158, y: 0.41213173, z: 0.47934225}
  m_Center: {x: 0.000049084425, y: -0.15345517, z: -0.23967113}
--- !u!1 &170076733
GameObject:
  m_ObjectHideFlags: 0
  m_CorrespondingSourceObject: {fileID: 0}
  m_PrefabInternal: {fileID: 0}
  serializedVersion: 6
  m_Component:
  - component: {fileID: 170076735}
  - component: {fileID: 170076734}
  m_Layer: 0
  m_Name: Directional Light
  m_TagString: Untagged
  m_Icon: {fileID: 0}
  m_NavMeshLayer: 0
  m_StaticEditorFlags: 0
  m_IsActive: 1
--- !u!108 &170076734
Light:
  m_ObjectHideFlags: 0
  m_CorrespondingSourceObject: {fileID: 0}
  m_PrefabInternal: {fileID: 0}
  m_GameObject: {fileID: 170076733}
  m_Enabled: 1
  serializedVersion: 8
  m_Type: 1
  m_Color: {r: 1, g: 0.95686275, b: 0.8392157, a: 1}
  m_Intensity: 1
  m_Range: 10
  m_SpotAngle: 30
  m_CookieSize: 10
  m_Shadows:
    m_Type: 2
    m_Resolution: -1
    m_CustomResolution: -1
    m_Strength: 1
    m_Bias: 0.05
    m_NormalBias: 0.4
    m_NearPlane: 0.2
  m_Cookie: {fileID: 0}
  m_DrawHalo: 0
  m_Flare: {fileID: 0}
  m_RenderMode: 0
  m_CullingMask:
    serializedVersion: 2
    m_Bits: 4294967295
  m_Lightmapping: 1
  m_LightShadowCasterMode: 0
  m_AreaSize: {x: 1, y: 1}
  m_BounceIntensity: 1
  m_ColorTemperature: 6570
  m_UseColorTemperature: 0
  m_ShadowRadius: 0
  m_ShadowAngle: 0
--- !u!4 &170076735
Transform:
  m_ObjectHideFlags: 0
  m_CorrespondingSourceObject: {fileID: 0}
  m_PrefabInternal: {fileID: 0}
  m_GameObject: {fileID: 170076733}
  m_LocalRotation: {x: 0.40821788, y: -0.23456968, z: 0.10938163, w: 0.8754261}
  m_LocalPosition: {x: 0, y: 3, z: 0}
  m_LocalScale: {x: 1, y: 1, z: 1}
  m_Children: []
  m_Father: {fileID: 0}
  m_RootOrder: 1
  m_LocalEulerAnglesHint: {x: 50, y: -30, z: 0}
--- !u!1 &216069712 stripped
GameObject:
  m_CorrespondingSourceObject: {fileID: 100026, guid: db91bf7fe34a11c4cb752744dc3f003d,
    type: 3}
  m_PrefabInternal: {fileID: 424446111}
--- !u!65 &216069716
BoxCollider:
  m_ObjectHideFlags: 0
  m_CorrespondingSourceObject: {fileID: 0}
  m_PrefabInternal: {fileID: 0}
  m_GameObject: {fileID: 216069712}
  m_Material: {fileID: 0}
  m_IsTrigger: 0
  m_Enabled: 1
  serializedVersion: 2
  m_Size: {x: 1.1634238, y: 1.7037073, z: 1.4701855}
  m_Center: {x: -0.2809541, y: -0.3197043, z: 0.3861497}
--- !u!1 &290801351 stripped
GameObject:
  m_CorrespondingSourceObject: {fileID: 100018, guid: db91bf7fe34a11c4cb752744dc3f003d,
    type: 3}
  m_PrefabInternal: {fileID: 424446111}
--- !u!65 &290801355
BoxCollider:
  m_ObjectHideFlags: 0
  m_CorrespondingSourceObject: {fileID: 0}
  m_PrefabInternal: {fileID: 0}
  m_GameObject: {fileID: 290801351}
  m_Material: {fileID: 0}
  m_IsTrigger: 0
  m_Enabled: 1
  serializedVersion: 2
  m_Size: {x: 1.7286158, y: 0.41213173, z: 0.47934225}
  m_Center: {x: 0.000049084425, y: -0.15345517, z: -0.23967113}
--- !u!1001 &424446111
Prefab:
  m_ObjectHideFlags: 0
  serializedVersion: 2
  m_Modification:
    m_TransformParent: {fileID: 0}
    m_Modifications:
    - target: {fileID: 400044, guid: db91bf7fe34a11c4cb752744dc3f003d, type: 3}
      propertyPath: m_LocalPosition.x
      value: 1.6058812
      objectReference: {fileID: 0}
    - target: {fileID: 400044, guid: db91bf7fe34a11c4cb752744dc3f003d, type: 3}
      propertyPath: m_LocalPosition.y
      value: -1.0470772
      objectReference: {fileID: 0}
    - target: {fileID: 400044, guid: db91bf7fe34a11c4cb752744dc3f003d, type: 3}
      propertyPath: m_LocalPosition.z
      value: -0.70561266
      objectReference: {fileID: 0}
    - target: {fileID: 400044, guid: db91bf7fe34a11c4cb752744dc3f003d, type: 3}
      propertyPath: m_LocalRotation.x
      value: 0
      objectReference: {fileID: 0}
    - target: {fileID: 400044, guid: db91bf7fe34a11c4cb752744dc3f003d, type: 3}
      propertyPath: m_LocalRotation.y
      value: 0
      objectReference: {fileID: 0}
    - target: {fileID: 400044, guid: db91bf7fe34a11c4cb752744dc3f003d, type: 3}
      propertyPath: m_LocalRotation.z
      value: 0
      objectReference: {fileID: 0}
    - target: {fileID: 400044, guid: db91bf7fe34a11c4cb752744dc3f003d, type: 3}
      propertyPath: m_LocalRotation.w
      value: 1
      objectReference: {fileID: 0}
    - target: {fileID: 400044, guid: db91bf7fe34a11c4cb752744dc3f003d, type: 3}
      propertyPath: m_RootOrder
      value: 0
      objectReference: {fileID: 0}
    - target: {fileID: 400044, guid: db91bf7fe34a11c4cb752744dc3f003d, type: 3}
      propertyPath: m_LocalScale.x
      value: 1.1766
      objectReference: {fileID: 0}
    - target: {fileID: 400044, guid: db91bf7fe34a11c4cb752744dc3f003d, type: 3}
      propertyPath: m_LocalScale.y
      value: 1.1766
      objectReference: {fileID: 0}
    - target: {fileID: 400044, guid: db91bf7fe34a11c4cb752744dc3f003d, type: 3}
      propertyPath: m_LocalScale.z
      value: 1.1766
      objectReference: {fileID: 0}
    m_RemovedComponents: []
  m_SourcePrefab: {fileID: 100100000, guid: db91bf7fe34a11c4cb752744dc3f003d, type: 3}
  m_IsPrefabAsset: 0
--- !u!1 &445411760 stripped
GameObject:
  m_CorrespondingSourceObject: {fileID: 100020, guid: db91bf7fe34a11c4cb752744dc3f003d,
    type: 3}
  m_PrefabInternal: {fileID: 424446111}
--- !u!65 &445411764
BoxCollider:
  m_ObjectHideFlags: 0
  m_CorrespondingSourceObject: {fileID: 0}
  m_PrefabInternal: {fileID: 0}
  m_GameObject: {fileID: 445411760}
  m_Material: {fileID: 0}
  m_IsTrigger: 0
  m_Enabled: 1
  serializedVersion: 2
  m_Size: {x: 2.033584, y: 0.92381984, z: 1.2199591}
  m_Center: {x: 0.0007920265, y: -0.26027784, z: 0.60997957}
--- !u!1 &519963715 stripped
GameObject:
  m_CorrespondingSourceObject: {fileID: 100002, guid: db91bf7fe34a11c4cb752744dc3f003d,
    type: 3}
  m_PrefabInternal: {fileID: 424446111}
--- !u!65 &519963719
BoxCollider:
  m_ObjectHideFlags: 0
  m_CorrespondingSourceObject: {fileID: 0}
  m_PrefabInternal: {fileID: 0}
  m_GameObject: {fileID: 519963715}
  m_Material: {fileID: 0}
  m_IsTrigger: 0
  m_Enabled: 1
  serializedVersion: 2
  m_Size: {x: 10.16, y: 5.08, z: 0.5731281}
  m_Center: {x: 0, y: 0, z: -0.28656358}
--- !u!1 &525358482 stripped
GameObject:
  m_CorrespondingSourceObject: {fileID: 100030, guid: db91bf7fe34a11c4cb752744dc3f003d,
    type: 3}
  m_PrefabInternal: {fileID: 424446111}
--- !u!65 &525358486
BoxCollider:
  m_ObjectHideFlags: 0
  m_CorrespondingSourceObject: {fileID: 0}
  m_PrefabInternal: {fileID: 0}
  m_GameObject: {fileID: 525358482}
  m_Material: {fileID: 0}
  m_IsTrigger: 0
  m_Enabled: 1
  serializedVersion: 2
  m_Size: {x: 10.16, y: 5.08, z: 0.5731281}
  m_Center: {x: 0, y: -0.00000011920929, z: -0.28656358}
--- !u!1001 &549940846
Prefab:
  m_ObjectHideFlags: 0
  serializedVersion: 2
  m_Modification:
    m_TransformParent: {fileID: 0}
    m_Modifications:
    - target: {fileID: 400002, guid: c6453f8e1f814744d8b94e5a6d1f9942, type: 2}
      propertyPath: m_LocalPosition.x
      value: -0.25636145
      objectReference: {fileID: 0}
    - target: {fileID: 400002, guid: c6453f8e1f814744d8b94e5a6d1f9942, type: 2}
      propertyPath: m_LocalPosition.y
      value: 1.238
      objectReference: {fileID: 0}
    - target: {fileID: 400002, guid: c6453f8e1f814744d8b94e5a6d1f9942, type: 2}
      propertyPath: m_LocalPosition.z
      value: 1.285
      objectReference: {fileID: 0}
    - target: {fileID: 400002, guid: c6453f8e1f814744d8b94e5a6d1f9942, type: 2}
      propertyPath: m_LocalRotation.x
      value: -0
      objectReference: {fileID: 0}
    - target: {fileID: 400002, guid: c6453f8e1f814744d8b94e5a6d1f9942, type: 2}
      propertyPath: m_LocalRotation.y
      value: 1
      objectReference: {fileID: 0}
    - target: {fileID: 400002, guid: c6453f8e1f814744d8b94e5a6d1f9942, type: 2}
      propertyPath: m_LocalRotation.z
      value: -0
      objectReference: {fileID: 0}
    - target: {fileID: 400002, guid: c6453f8e1f814744d8b94e5a6d1f9942, type: 2}
      propertyPath: m_LocalRotation.w
      value: -0.00000016292068
      objectReference: {fileID: 0}
    - target: {fileID: 400002, guid: c6453f8e1f814744d8b94e5a6d1f9942, type: 2}
      propertyPath: m_RootOrder
      value: 2
      objectReference: {fileID: 0}
    - target: {fileID: 100006, guid: c6453f8e1f814744d8b94e5a6d1f9942, type: 2}
      propertyPath: m_Name
      value: Player
      objectReference: {fileID: 0}
    m_RemovedComponents: []
  m_SourcePrefab: {fileID: 100100000, guid: c6453f8e1f814744d8b94e5a6d1f9942, type: 2}
  m_IsPrefabAsset: 0
--- !u!1 &599261198 stripped
GameObject:
  m_CorrespondingSourceObject: {fileID: 100032, guid: db91bf7fe34a11c4cb752744dc3f003d,
    type: 3}
  m_PrefabInternal: {fileID: 424446111}
--- !u!65 &599261202
BoxCollider:
  m_ObjectHideFlags: 0
  m_CorrespondingSourceObject: {fileID: 0}
  m_PrefabInternal: {fileID: 0}
  m_GameObject: {fileID: 599261198}
  m_Material: {fileID: 0}
  m_IsTrigger: 0
  m_Enabled: 1
  serializedVersion: 2
  m_Size: {x: 10.160003, y: 5.08, z: 0.5731282}
  m_Center: {x: 0.000000059604645, y: 0.00000011920928, z: -0.28656363}
--- !u!1 &656752096 stripped
GameObject:
  m_CorrespondingSourceObject: {fileID: 100016, guid: db91bf7fe34a11c4cb752744dc3f003d,
    type: 3}
  m_PrefabInternal: {fileID: 424446111}
--- !u!65 &656752100
BoxCollider:
  m_ObjectHideFlags: 0
  m_CorrespondingSourceObject: {fileID: 0}
  m_PrefabInternal: {fileID: 0}
  m_GameObject: {fileID: 656752096}
  m_Material: {fileID: 0}
  m_IsTrigger: 0
  m_Enabled: 1
  serializedVersion: 2
  m_Size: {x: 1.7286158, y: 0.41213173, z: 0.47934225}
  m_Center: {x: 0.000049084425, y: -0.15345499, z: -0.23967113}
--- !u!1 &908837555 stripped
GameObject:
  m_CorrespondingSourceObject: {fileID: 100028, guid: db91bf7fe34a11c4cb752744dc3f003d,
    type: 3}
  m_PrefabInternal: {fileID: 424446111}
--- !u!65 &908837559
BoxCollider:
  m_ObjectHideFlags: 0
  m_CorrespondingSourceObject: {fileID: 0}
  m_PrefabInternal: {fileID: 0}
  m_GameObject: {fileID: 908837555}
  m_Material: {fileID: 0}
  m_IsTrigger: 0
  m_Enabled: 1
  serializedVersion: 2
  m_Size: {x: 1.506025, y: 2.0303302, z: 1.2030153}
  m_Center: {x: 0, y: -0.000000029802322, z: 0.60150766}
--- !u!1 &950156829 stripped
GameObject:
  m_CorrespondingSourceObject: {fileID: 100036, guid: db91bf7fe34a11c4cb752744dc3f003d,
    type: 3}
  m_PrefabInternal: {fileID: 424446111}
--- !u!65 &950156833
BoxCollider:
  m_ObjectHideFlags: 0
  m_CorrespondingSourceObject: {fileID: 0}
  m_PrefabInternal: {fileID: 0}
  m_GameObject: {fileID: 950156829}
  m_Material: {fileID: 0}
  m_IsTrigger: 0
  m_Enabled: 1
  serializedVersion: 2
  m_Size: {x: 0.64683026, y: 0.64683044, z: 0.4328706}
  m_Center: {x: 0, y: 0, z: -0.08719247}
--- !u!1 &1193661018 stripped
GameObject:
  m_CorrespondingSourceObject: {fileID: 100010, guid: db91bf7fe34a11c4cb752744dc3f003d,
    type: 3}
  m_PrefabInternal: {fileID: 424446111}
--- !u!65 &1193661022
BoxCollider:
  m_ObjectHideFlags: 0
  m_CorrespondingSourceObject: {fileID: 0}
  m_PrefabInternal: {fileID: 0}
  m_GameObject: {fileID: 1193661018}
  m_Material: {fileID: 0}
  m_IsTrigger: 0
  m_Enabled: 1
  serializedVersion: 2
  m_Size: {x: 3.051518, y: 2.8494308, z: 0.6062619}
  m_Center: {x: 0, y: -1.0769372e-15, z: 0.30313095}
--- !u!1 &1227783157 stripped
GameObject:
  m_CorrespondingSourceObject: {fileID: 100034, guid: db91bf7fe34a11c4cb752744dc3f003d,
    type: 3}
  m_PrefabInternal: {fileID: 424446111}
--- !u!65 &1227783161
BoxCollider:
  m_ObjectHideFlags: 0
  m_CorrespondingSourceObject: {fileID: 0}
  m_PrefabInternal: {fileID: 0}
  m_GameObject: {fileID: 1227783157}
  m_Material: {fileID: 0}
  m_IsTrigger: 0
  m_Enabled: 1
  serializedVersion: 2
  m_Size: {x: 0.4608299, y: 0.46083003, z: 3.638221}
  m_Center: {x: 0, y: 0.00000011920929, z: 1.8191105}
--- !u!1 &1231105379 stripped
GameObject:
  m_CorrespondingSourceObject: {fileID: 100008, guid: db91bf7fe34a11c4cb752744dc3f003d,
    type: 3}
  m_PrefabInternal: {fileID: 424446111}
--- !u!65 &1231105383
BoxCollider:
  m_ObjectHideFlags: 0
  m_CorrespondingSourceObject: {fileID: 0}
  m_PrefabInternal: {fileID: 0}
  m_GameObject: {fileID: 1231105379}
  m_Material: {fileID: 0}
  m_IsTrigger: 0
  m_Enabled: 1
  serializedVersion: 2
  m_Size: {x: 3.051518, y: 2.8494308, z: 0.6062619}
  m_Center: {x: -0.00000011920929, y: -1.0769372e-15, z: 0.30313072}
--- !u!1 &1580476618 stripped
GameObject:
  m_CorrespondingSourceObject: {fileID: 100000, guid: db91bf7fe34a11c4cb752744dc3f003d,
    type: 3}
  m_PrefabInternal: {fileID: 424446111}
--- !u!65 &1580476622
BoxCollider:
  m_ObjectHideFlags: 0
  m_CorrespondingSourceObject: {fileID: 0}
  m_PrefabInternal: {fileID: 0}
  m_GameObject: {fileID: 1580476618}
  m_Material: {fileID: 0}
  m_IsTrigger: 0
  m_Enabled: 1
  serializedVersion: 2
  m_Size: {x: 10.16, y: 10.160003, z: 0.33910167}
  m_Center: {x: 0, y: 0, z: 0.16955084}
--- !u!1 &1874538418 stripped
GameObject:
  m_CorrespondingSourceObject: {fileID: 100024, guid: db91bf7fe34a11c4cb752744dc3f003d,
    type: 3}
  m_PrefabInternal: {fileID: 424446111}
--- !u!65 &1874538422
BoxCollider:
  m_ObjectHideFlags: 0
  m_CorrespondingSourceObject: {fileID: 0}
  m_PrefabInternal: {fileID: 0}
  m_GameObject: {fileID: 1874538418}
  m_Material: {fileID: 0}
  m_IsTrigger: 0
  m_Enabled: 1
  serializedVersion: 2
  m_Size: {x: 1.1634238, y: 1.7037072, z: 1.4701854}
  m_Center: {x: -0.2809541, y: -0.31970438, z: 0.38614976}
--- !u!1 &1918507794 stripped
GameObject:
  m_CorrespondingSourceObject: {fileID: 100022, guid: db91bf7fe34a11c4cb752744dc3f003d,
    type: 3}
  m_PrefabInternal: {fileID: 424446111}
--- !u!65 &1918507798
BoxCollider:
  m_ObjectHideFlags: 0
  m_CorrespondingSourceObject: {fileID: 0}
  m_PrefabInternal: {fileID: 0}
  m_GameObject: {fileID: 1918507794}
  m_Material: {fileID: 0}
  m_IsTrigger: 0
  m_Enabled: 1
  serializedVersion: 2
  m_Size: {x: 1.1634239, y: 1.7037072, z: 1.4701853}
  m_Center: {x: -0.28095388, y: -0.31970415, z: 0.38614964}
--- !u!20 &1934164440 stripped
Camera:
  m_CorrespondingSourceObject: {fileID: 2000000, guid: c6453f8e1f814744d8b94e5a6d1f9942,
    type: 2}
  m_PrefabInternal: {fileID: 549940846}
--- !u!1 &1998630911 stripped
GameObject:
  m_CorrespondingSourceObject: {fileID: 100004, guid: db91bf7fe34a11c4cb752744dc3f003d,
    type: 3}
  m_PrefabInternal: {fileID: 424446111}
--- !u!65 &1998630915
BoxCollider:
  m_ObjectHideFlags: 0
  m_CorrespondingSourceObject: {fileID: 0}
  m_PrefabInternal: {fileID: 0}
  m_GameObject: {fileID: 1998630911}
  m_Material: {fileID: 0}
  m_IsTrigger: 0
  m_Enabled: 1
  serializedVersion: 2
  m_Size: {x: 10.16, y: 5.08, z: 0.5731281}
  m_Center: {x: 0.00000023841858, y: 0.00000011920929, z: -0.28656358}
--- !u!1 &2097008764 stripped
GameObject:
  m_CorrespondingSourceObject: {fileID: 100012, guid: db91bf7fe34a11c4cb752744dc3f003d,
    type: 3}
  m_PrefabInternal: {fileID: 424446111}
--- !u!65 &2097008768
BoxCollider:
  m_ObjectHideFlags: 0
  m_CorrespondingSourceObject: {fileID: 0}
  m_PrefabInternal: {fileID: 0}
  m_GameObject: {fileID: 2097008764}
  m_Material: {fileID: 0}
  m_IsTrigger: 0
  m_Enabled: 1
  serializedVersion: 2
  m_Size: {x: 1.7286158, y: 0.41213173, z: 0.47934225}
  m_Center: {x: 0.000049084425, y: -0.15345499, z: -0.23967113}
